@inproceedings{Lukashenko2007,
  doi       = {10.1145/1330598.1330642},
  url       = {https://doi.org/10.1145/1330598.1330642},
  year      = {2007},
  publisher = {{ACM} Press},
  author    = {Romans Lukashenko and Vita Graudina and Janis Grundspenkis},
  title     = {Computer-based plagiarism detection methods and tools},
  booktitle = {Proceedings of the 2007 international conference on Computer systems and technologies  - {CompSysTech} {\textquotesingle}07},
  addendum  = {\textit{Useful attribute table containing information on tools for detecting plagiarism such as Turnitin, and MOSS.}}
}
@inproceedings{Schleimer2003,
  doi       = {10.1145/872757.872770},
  url       = {https://doi.org/10.1145/872757.872770},
  year      = {2003},
  publisher = {{ACM} Press},
  author    = {Saul Schleimer and Daniel S. Wilkerson and Alex Aiken},
  title     = {Winnowing: local algorithms for document fingerprinting},
  booktitle = {Proceedings of the 2003 {ACM} {SIGMOD} international conference on on Management of data  - {SIGMOD} {\textquotesingle}03},
  addendum  = {\textit{This went into detail on the ideas behind MOSS, such as document fingerprints and k-grams.}}
}
@article{Parker1989,
  doi       = {10.1109/13.28038},
  url       = {https://doi.org/10.1109/13.28038},
  year      = {1989},
  month     = {may},
  publisher = {Institute of Electrical and Electronics Engineers ({IEEE})},
  volume    = {32},
  number    = {2},
  pages     = {94--99},
  author    = {A. Parker and J.O. Hamblen},
  title     = {Computer algorithms for plagiarism detection},
  journal   = {{IEEE} Transactions on Education},
  addendum  = {\textit{Details on the plagiarism spectrum. The different levels of plagiarism. Level 0 has no changes and level 6 has the control logic changed.}}
}
@inproceedings{Clough03oldand,
  author    = {Paul Clough and Department Of Information Studies},
  title     = {Old and new challenges in automatic plagiarism detection},
  booktitle = {National Plagiarism Advisory Service, 2003; http://ir.shef.ac.uk/cloughie/index.html},
  year      = {2003},
  pages     = {391--407},
  addendum  = {\textit{In-depth details on lexical and structural changes in program code plagiarism.}}
}
@online{IntelliJGitHub,
  author   = {JetBrains},
  title    = {JetBrains/intellij-community: IntelliJ IDEA Community Edition},
  year     = {2018},
  url      = {https://github.com/jetBrains/intellij-community},
  urldate  = {2018-01-31},
  addendum = {\textit{The IntelliJ IDEA Community Edition GitHub repository provides code for plugins. This helped with understanding the IntelliJ Platform Plugin SDK.}}
}
