@inproceedings{Lukashenko2007,
  annote    = {\textit{Useful attribute table containing information on tools for detecting plagiarism such as Turnitin, and MOSS.}},
  author    = {Romans Lukashenko and Vita Graudina and Janis Grundspenkis},
  booktitle = {Proceedings of the 2007 international conference on Computer systems and technologies  - {CompSysTech} {\textquotesingle}07},
  doi       = {10.1145/1330598.1330642},
  publisher = {{ACM} Press},
  title     = {Computer-based plagiarism detection methods and tools},
  url       = {https://doi.org/10.1145/1330598.1330642},
  year      = {2007}
}
@inproceedings{Schleimer2003,
  annote    = {\textit{This went into detail on the ideas behind MOSS, such as document fingerprints and k-grams.}},
  author    = {Saul Schleimer and Daniel S. Wilkerson and Alex Aiken},
  booktitle = {Proceedings of the 2003 {ACM} {SIGMOD} international conference on on Management of data  - {SIGMOD} {\textquotesingle}03},
  doi       = {10.1145/872757.872770},
  publisher = {{ACM} Press},
  title     = {Winnowing: local algorithms for document fingerprinting},
  url       = {https://doi.org/10.1145/872757.872770},
  year      = {2003}
}
@article{Parker1989,
  annote    = {\textit{Details on the plagiarism spectrum. The different levels of plagiarism. Level 0 has no changes and level 6 has the control logic changed.}},
  author    = {A. Parker and J.O. Hamblen},
  doi       = {10.1109/13.28038},
  journal   = {{IEEE} Transactions on Education},
  month     = {may},
  number    = {2},
  pages     = {94--99},
  publisher = {Institute of Electrical and Electronics Engineers ({IEEE})},
  title     = {Computer algorithms for plagiarism detection},
  url       = {https://doi.org/10.1109/13.28038},
  volume    = {32},
  year      = {1989}
}
@inproceedings{Clough03oldand,
  annote    = {\textit{In-depth details on lexical and structural changes in program code plagiarism.}},
  author    = {Paul Clough and Department Of Information Studies},
  booktitle = {National Plagiarism Advisory Service, 2003; http://ir.shef.ac.uk/cloughie/index.html},
  pages     = {391--407},
  title     = {Old and new challenges in automatic plagiarism detection},
  year      = {2003}
}
@online{IntelliJGitHub,
  annote  = {\textit{The IntelliJ IDEA Community Edition GitHub repository provides code for plugins. This helped with understanding the IntelliJ Platform Plugin SDK.}},
  author  = {JetBrains},
  note    = {Last accessed: 2018-01-31},
  title   = {JetBrains/intellij-community: IntelliJ IDEA Community Edition},
  url     = {https://github.com/jetBrains/intellij-community},
  year    = {2018}
}
@article{Bandara2012,
  annote    = {\textit{This article used three machine learning techniques to predicate the other of source code files. Source code metrics such as line length, and comments frequency were used as inputs to the machine learning classifiers.}},
  author    = {Upul Bandara and Gamini Wijayrathna},
  doi       = {10.7763/ijcte.2012.v4.555},
  journal   = {International Journal of Computer Theory and Engineering},
  pages     = {674--678},
  publisher = {{IACSIT} Press},
  title     = {Detection of Source Code Plagiarism Using Machine Learning Approach},
  url       = {https://doi.org/10.7763/ijcte.2012.v4.555},
  year      = {2012}
}
@article{S2014,
  annote    = {\textit{}},
  author    = {Prasanth. S and Rajshree. R and Saravana Balaji. B},
  doi       = {10.5120/15104-3428},
  journal   = {International Journal of Computer Applications},
  month     = {jan},
  number    = {19},
  pages     = {21--23},
  publisher = {Foundation of Computer Science},
  title     = {A Survey on Plagiarism Detection},
  url       = {https://doi.org/10.5120/15104-3428},
  volume    = {86},
  year      = {2014},
}
@online{FlaskUploadingFiles,
  annote  = {\textit{Flask documentation containing a detailed tutorial on uploading files with a HTML form.}},
  author  = {Flask},
  note    = {Last accessed: 2018-02-27},
  title   = {Uploading Files - Flask Documentation (0.12)},
  url     = {http://flask.pocoo.org/docs/0.12/patterns/fileuploads/},
  year    = {2018}
}
@online{DavisMongoDB,
  annote  = {\textit{A blog post on using MockupDB with MongoDB in Python 3. The online documentation was not straight-forward and this cleared up many questions and any confusion. Seeing this real example helped massively when developing the back-end server unit tests.}},
  author  = {A. Jesse Jiryu Davis},
  title   = {Test MongoDB Failure Scenarios With MockupDB},
  url     = {https://emptysqua.re/blog/test-mongodb-failures-mockupdb/},
  note    = {Last accessed: 2018-03-04},
  year    = {2013}
}
@online{PlagiarismorgFacts,
  annote  = {\textit{This web page contains results from surveys performed in schools on plagiarism. The outcomes from these surveys show how many students commit plagiarism.}},
  author  = {Plagiarism.org},
  note    = {Last accessed: 2018-04-06},
  title   = {Plagiarism: Facts \& Stats - Plagiarism.org},
  url     = {http://plagiarism.org/article/plagiarism-facts-and-stats},
  year    = {2018}
}
@online{PlagiarismorgWhat,
  annote  = {\textit{This web page has detailed information on what exactly plagiarism is. It states what the definition of plagiarism is and example forms of plagiarism.}},
  author  = {Plagiarism.org},
  note    = {Last accessed: 2018-04-06},
  title   = {What is Plagiarism? - Plagiarism.org},
  url     = {http://plagiarism.org/article/what-is-plagiarism},
  year    = {2018}
}
@online{TurnitinPlagiarismSpectrum,
  annote  = {\textit{This web page shows a list of 10 different ways to plagiarise with example texts.}},
  author  = {Turnitin},
  note    = {Last accessed: 2018-04-06},
  title   = {Turnitin - The Plagiarism Spectrum},
  url     = {http://turnitin.com/assets/en_us/media/plagiarism-spectrum/},
  year    = {2018}
}
@online{AberUniUAP,
  annote  = {\textit{This shows Aberystwyth University's regulation on UAP and plagiarism. It describes the definition of UAP and the multiple forms it can take.}},
  author  = {Aberystwyth University},
  note    = {Last accessed: 2018-04-06},
  title   = {Aberystwyth University - Regulation on Unacceptable Academic Practice},
  url     = {https://www.aber.ac.uk/en/aqro/handbook/regulations/uap/},
  year    = {2018}
}
@online{GitHubMilestones,
  annote  = {\textit{Describes using issues and milestones on GitHub.}},
  author  = {GitHub},
  note    = {Last accessed: 2018-04-06},
  title   = {About milestones - User Documentation},
  url     = {https://help.github.com/articles/about-milestones/},
  year    = {2018}
}
@online{GitHubCloseIssueCommit,
  annote  = {\textit{Explains how to close issues using commit messages by including specific keywords.}},
  author  = {GitHub},
  note    = {Last accessed: 2018-04-06},
  title   = {Closing issues using keywords - User Documentation},
  url     = {https://help.github.com/articles/closing-issues-using-keywords/},
  year    = {2018}
}
@online{IntelliJPlatform,
  annote  = {\textit{This page describes what the IntelliJ Platform is.}},
  author  = {JetBrains},
  note    = {Last accessed: 2018-04-07},
  title   = {What is the IntelliJ Platform?},
  url     = {http://www.jetbrains.org/intellij/sdk/docs/intro/intellij_platform.html},
  year    = {2018}
}
@online{IntelliJGettingStarted,
  annote  = {\textit{The JetBrains tutorial for developing an IntelliJ Plugin.}},
  author  = {JetBrains},
  note    = {Last accessed: 2018-04-09},
  title   = {Creating Your First Plugin},
  url     = {https://www.jetbrains.org/intellij/sdk/docs/basics/getting_started.html},
  year    = {2018}
}
@article{Prechelt2003,
  annote    = {\textit{Detailed information on how JPlag detects plagiarism using tokens.}},
  author    = {Prechelt, Lutz and Malpohl, Guido},
  year      = {2003},
  month     = {03},
  pages     = {},
  title     = {Finding Plagiarisms among a Set of Programs with JPlag},
  volume    = {8},
  booktitle = {Journal of Universal Computer Science}
}
@article{Wise1996,
  annote    = {\textit{In-depth detail on the RKR-GST algorithm used by YAP3 and the comparison between the YAP versions.}},
  author    = {Wise, Michael},
  year      = {1996},
  month     = {04},
  pages     = {},
  title     = {YAP3: Improved Detection Of Similarities In Computer Program And Other Texts},
  volume    = {28},
  booktitle = {ACM SIGCSE Bulletin}
}
@online{IntelliJProjectComponents,
  annote  = {\textit{Information on project components and the differences between application, project, and module level components.}},
  author  = {JetBrains},
  note    = {Last accessed: 2018-04-17},
  title   = {Plugin Components / IntelliJ Platform SDK DevGuide},
  url     = {https://www.jetbrains.org/intellij/sdk/docs/basics/plugin_structure/plugin_components.html},
  year    = {2018}
}
@online{LDAP3Docs,
  annote  = {\textit{The LDAP3 library documentation for Python 3.}},
  author  = {Giovanni Cannata},
  note    = {Last accessed: 2018-04-19},
  title   = {Welcome to ldap3's documentation - ldap3 2.5 documentation},
  url     = {http://ldap3.readthedocs.io/},
  year    = {2018}
}
@online{PyMongoDocs,
  annote  = {\textit{The PyMongo library documentation for Python 3 and MongoDB.}},
  author  = {Bernie Hackett},
  note    = {Last accessed: 2018-04-19},
  title   = {PyMongo 3.6.1 Documentation - PyMongo 3.6.1 documentation},
  url     = {https://api.mongodb.com/python/current/},
  year    = {2018}
}
@online{BootstrapSignInTemplate,
  annote  = {\textit{A signin template using Bootstrap. This uses a form to submit a username and password in a form.}},
  author  = {Bootstrap},
  note    = {Last accessed: 2018-04-20},
  title   = {Signin Template for Bootstrap},
  url     = {https://getbootstrap.com/docs/3.3/examples/signin/},
  year    = {2018}
}
@online{MongoDBChangeStreams,
  annote  = {\textit{MongoDB documentation for change streams which are required for using the watch method on a collection. These are only supported in 3.6.}},
  author  = {MongoDB},
  note    = {Last accessed: 2018-04-22},
  title   = {Change Streams - MongoDB Manual 3.6},
  url     = {https://docs.mongodb.com/manual/changeStreams/},
  year    = {2018}
}
@online{PygalFlask,
  annote  = {\textit{A tutorial using pyGal for displaying charts in a Flask application.}},
  author  = {Michael Driscoll},
  note    = {Last accessed: 2018-04-23},
  title   = {Using pyGal Graphs in Flask | The Mouse Vs. The Python},
  url     = {https://www.blog.pythonlibrary.org/2015/04/16/using-pygal-graphs-in-flask/},
  year    = {2018}
}
